<?xml version="1.0" encoding="UTF-8"?><collection xmlns="http://www.loc.gov/MARC21/slim"><record><leader>00501nam--2200181-u-4500</leader><controlfield tag="001">000052891</controlfield><controlfield tag="002">20161230</controlfield><controlfield tag="005">20161230201050</controlfield><controlfield tag="008">101126s1000------------r-----000-0-rus-d</controlfield><datafield ind1=" " ind2=" " tag="040"><subfield code="a">IFIN-HH</subfield></datafield><datafield ind1=" " ind2=" " tag="041"><subfield code="a">rus</subfield></datafield><datafield ind1=" " ind2=" " tag="080"><subfield code="a">535.681.3</subfield></datafield><datafield ind1="1" ind2=" " tag="100"><subfield code="a">Iaroslavskii, L.P</subfield></datafield><datafield ind1="1" ind2="0" tag="245"><subfield code="a">Tsifrovaia obrabotka signalov v optike i golografii</subfield><subfield code="b">Vvedenie v tsifrovuiu optiku</subfield><subfield code="c">L.p. iaroslavskii</subfield></datafield><datafield ind1=" " ind2=" " tag="260"><subfield code="a">Moskva</subfield><subfield code="b">Radio I Sviazi</subfield><subfield code="c">1987</subfield></datafield><datafield ind1=" " ind2=" " tag="300"><subfield code="a">296P</subfield></datafield><datafield ind1=" " ind2=" " tag="852"><subfield code="a">74934</subfield><subfield code="c">535</subfield></datafield><datafield ind1=" " ind2=" " tag="CAT"><subfield code="a">Sys</subfield><subfield code="c">20101126</subfield><subfield code="h">110431</subfield></datafield></record></collection>